@BOOK{Moore:1979:MAI,
  Address =	 {Philadelphia, PA, USA},
  Author =	 {Moore, R. E.},
  Pages =	 {xi + 190},
  Publisher =	 {Society for Industrial and Applied Mathematics},
  Title =	 {Methods and Applications of Interval Analysis},
  Year =	 {1979}
}

@BOOK{vonNeumann:1966:TSR,
  Author =	 {{von Neumann}, J.},
  Editor =	 {Burks, A. W.},
  Pages =	 {xix + 388},
  Title =	 {Theory of Self-Reproducing Automata},
  Year =	 {1966}
}

@MastersThesis{Aguiar:2005,
   author =       "Marilton Aguiar",
   title =        "Título da Monografia",
   school =       "PPGC/UFPEL",
   year =         "2012",
   type =         "Dissertação de Mestrado",
   address =      "Pelotas/RS"}

@Book{Cormen,
  author =	"T. Cormen and C. Leiserson and R. Rivest",
  title =	"Introduction to Algorithms",
  publisher =	"{MIT} Press",
  year = 	"1990",
}
@InCollection{saavedra:96,
  author =   {R. H. Saavedra and A. J. Smith},
  title =    {Analysis of benchmark characteristics and benchmark performance prediction},
  booktitle =    {},
  pages =    {344-384},
  publisher =    {},
  year =   {1996},
  editor =   {ACM Trans. Comput. Syst.}
}

@inproceedings{walter08,
  author = {Walter, Bruce and Bala, Kavita and Kulkarni, Milind and Pingali,
  Keshav},
  title = {Fast agglomerative clustering for rendering},
  booktitle = {Interactive Ray Tracing, 2008. RT 2008. IEEE Symposium on},
  year = {2008},
  pages = {81-86},
  month = {Aug.},
  doi = {10.1109/RT.2008.4634626},
  keywords = {computational complexity, pattern clustering, query processing, ray
  tracing, rendering (computer graphics), tree data structures, very
  large databasesbottom-up clustering tree, bounding volume hierarchy,
  divisive clustering tree, fast agglomerative clustering tree, hierarchical
  data set representation, lightcuts rendering algorithm, locally-ordered
  algorithm, ray tracing, top-down clustering tree, tree quality, very
  large data query},
  url = {http://iss.ices.utexas.edu/Publications/Papers/RT2008.pdf}
}

@inproceedings{Castaneda:08,
author = {Castañeda, Cristian Fernando F.},
title = {ApenMP: um suporte à OpenMP para o modelo Anahy},
booktitle = {Anais / 8 Escola Regional de Alto Desempenho},
year = {2008},
pages = {201-204},
month = {Mar.},
keywords = {Processamento de Alto Desempenho, Arquiteturas de Computadores, Processamento Paralelo},
url = {http://www.lbd.dcc.ufmg.br/colecoes/erad-rs/2008/001.pdf}
}

@article{Olson:1995,
 author = {Olson, Clark F.},
 title = {Parallel Algorithms for Hierarchical Clustering},
 journal = {Parallel Comput.},
 issue_date = {Aug. 1995},
 volume = {21},
 number = {8},
 month = {Aug.},
 year = {1995},
 issn = {0167-8191},
 pages = {1313--1325},
 numpages = {13},
 url = {http://dx.doi.org/10.1016/0167-8191(95)00017-I},
 doi = {10.1016/0167-8191(95)00017-I},
 acmid = {210524},
 publisher = {Elsevier Science Publishers B. V.},
 address = {Amsterdam, The Netherlands, The Netherlands},
 keywords = {PRAM algorithm, butterfly network, hierarchical clustering, parallel algorithm, pattern analysis},
} 
@INPROCEEDINGS{4636091, 
author={G. Contreras and M. Martonosi}, 
booktitle={Workload Characterization, 2008. IISWC 2008. IEEE International Symposium on}, 
title={Characterizing and improving the performance of Intel Threading Building Blocks}, 
year={2008}, 
pages={57-66}, 
keywords={C++ language;concurrency control;multi-threading;multiprocessing systems;software libraries;system monitoring;C++ parallelization environment;Intel threading building block runtime library;chip multiprocessor;concurrency identification;dynamic parallel task redistribution;parallel programming;random stealing;Concurrent computing;Costs;Parallel processing;Parallel programming;Productivity;Programming profession;Robustness;Runtime library;Scalability;Yarn}, 
doi={10.1109/IISWC.2008.4636091}, 
month={Sept},}